<record><leader>00000cas a2200000 a 4500</leader><controlfield tag="001">11096554</controlfield><controlfield tag="008">840828d19341935ksuwr ne      0   a0eng d</controlfield><datafield ind1=" " ind2=" " tag="010"><subfield code="a">sn 84029436 </subfield></datafield><datafield ind1=" " ind2=" " tag="040"><subfield code="a">KSH</subfield><subfield code="b">eng</subfield><subfield code="c">KSH</subfield><subfield code="d">NPT</subfield><subfield code="d">OCL</subfield><subfield code="d">OCLCQ</subfield></datafield><datafield ind1=" " ind2=" " tag="042"><subfield code="a">msc</subfield></datafield><datafield ind1="0" ind2="0" tag="245"><subfield code="a">Manchester motor and Talmage news.</subfield></datafield><datafield ind1=" " ind2=" " tag="260"><subfield code="a">Manchester, Kan. :</subfield><subfield code="b">Manchester Pub.,</subfield><subfield code="c">1934-1935.</subfield></datafield><datafield ind1=" " ind2=" " tag="300"><subfield code="a">1 v. :</subfield><subfield code="b">ill. ;</subfield><subfield code="c">50 cm.</subfield></datafield><datafield ind1=" " ind2=" " tag="310"><subfield code="a">Weekly</subfield></datafield><datafield ind1="0" ind2=" " tag="362"><subfield code="a">Vol. 25, no. 6 (May 3, 1934)-v. 26, no. 30 (Oct. 24, 1935).</subfield></datafield><datafield ind1=" " ind2=" " tag="752"><subfield code="a">United States</subfield><subfield code="b">Kansas</subfield><subfield code="c">Dickinson</subfield><subfield code="d">Manchester.</subfield></datafield><datafield ind1="0" ind2="0" tag="780"><subfield code="t">Manchester motor</subfield><subfield code="w">(DLC)sn 84029435</subfield></datafield><datafield ind1="0" ind2="0" tag="785"><subfield code="t">Manchester motor (Manchester, Kan. : 1935)</subfield><subfield code="w">(DLC)sn 84029437</subfield></datafield></record>